@article{Tanenbaum,
  title={Distributed Systems Principles and Paradigms},
  author={S. Tanenbaum, Andrew and Van Steen, Maarten},
  journal={Network},
  volume={4},
  pages={20},
  year={2004}
}

@misc{wiki-hosts,
      author = "Wikipedia",
      title = "Hosts (file)",
      month = "April",
      year = "2013",
      url = "http://en.wikipedia.org/wiki/Hosts_(file)",
      note = "Accessed 19-04-13, URL: http://en.wikipedia.org/wiki/Hosts\_(file)",
}

@misc{HowRMI,
      author = "Campeau, A",
      title = "How Java RMI Works",
      url = "http://www.sce.carleton.ca/netmanage/simulator/rmi/RMIExplanation.htm",
      note = "Accessed 19-04-13, URL: http://www.sce.carleton.ca/netmanage/simulator/rmi/RMIExplanation.htm",
}


@misc{wiki-dns,
      author = "Wikipedia",
      title = "Domain Name System",
      month = "April",
      year = "2013",
      url = "http://en.wikipedia.org/wiki/Domain_Name_System",
      note = "Accessed 19-04-13, URL: http://en.wikipedia.org/wiki/Domain\_Name\_System",
}

@misc{Getting-started,
      author = "Oracle",
      title = "Getting Started Using Java$^{TM}$ RMI",
      month = "",
      year = "2011",
      url = "http://docs.oracle.com/javase/6/docs/technotes/guides/rmi/hello/hello-world.html",
      note = "Accessed 17-05-13, URL: http://docs.oracle.com/javase/6/docs/technotes/guides/rmi/hello/hello-world.html",
}

@misc{wiki-jvm,
      author = "Wikipedia",
      title = "Java virtual machine",
      month = "April",
      year = "2013",
      url = "http://en.wikipedia.org/wiki/Java_virtual_machine",
      note = "Accessed 14-05-13, URL: http://en.wikipedia.org/wiki/Java\_virtual\_machine",
}

@misc{wiki-Leader,
      author = "Wikipedia",
      title = "Leader election",
      month = "March",
      year = "2013",
      url = "http://en.wikipedia.org/wiki/Leader_election",
      note = "Accessed 17-05-13, URL: http://en.wikipedia.org/wiki/Leader\_election",
}

@misc{wiki-serialization,
      author = "Wikipedia",
      title = "Serialization",
      month = "May",
      year = "2013",
      url = "http://en.wikipedia.org/wiki/Serialization",
      note = "Accessed 17-05-13, URL: http://en.wikipedia.org/wiki/Serialization",
}

@misc{JavaWorld,
      author = "Wilson, M.J",
      title = "Get smart with proxies and RMI",
      month = "October",
      year = "2000",
      url = "http://www.javaworld.com/javaworld/jw-11-2000/jw-1110-smartproxy.html",
      note = "Accessed 14-05-13, URL: http://www.javaworld.com/javaworld/jw-11-2000/jw-1110-smartproxy.html",
}

@article{RMI-slides,
  title={2013\_Fischer\_ITONK\_Slides\_RMI},
  author={Pedersen, CF.},
  year={2013},
}

@misc{wiki-fqdn,
      author = "Wikipedia",
      title = "Fully qualified domain name",
      month = "April",
      year = "2013",
      url = "http://en.wikipedia.org/wiki/Fully_qualified_domain_name",
      note = "Accessed 19-04-13, URL: http://en.wikipedia.org/wiki/Fully\_qualified\_domain\_name",
}

@article{DNS-article,
  title={Challenges in securing the domain name system},
  author={Chandramouli, Ramaswamy and Rose, Scott},
  journal={Security \& Privacy, IEEE},
  volume={4},
  number={1},
  pages={84--87},
  year={2006},
  publisher={IEEE}
}

@misc{GFW-avoid,
      author = "Jason P. Abbott",
      title = "The Political Economy of the Internet in Asia and the Pacific Digital Divides, Economic Competitiveness, and Security Challenges",
      year = "2004",
      url = "http://queue.acm.org/detail.cfm?id=2405036",
      note = "New York: Praeger",
}

@misc{GFW,
      author = "Daniel Anderson",
      title = "Splinternet Behind the Great Firewall of China",
      month = "November",
      year = "2012",
      url = "http://queue.acm.org/detail.cfm?id=2405036",
      note = "http://queue.acm.org/detail.cfm?id=2405036",
}

@misc{ElectionAlgorithm,
	  author = "Tanenbaum",
      title = "Modern Operating System",
      year = "1992",
  	  pages={140--142},
}

@misc{wiki-RingAlgorithm,
      author = "Wikipedia",
      title = "Chang and Roberts algorithm",
      month = "March",
      year = "2013",
      url = "http://en.wikipedia.org/wiki/Chang_and_Roberts_algorithm",
      note = "Accessed 19-04-13, URL: http://en.wikipedia.org/wiki/Chang\_and\_Roberts\_algorithm",
}

@misc{EAlgInDS,
      author = "Priyanka Gupta, Rajeev G.Vishwakarma",
      title = "Comparison of Various Election Algorithms in Distributed System",
      month = "September",
      year = "2012",
      url = "http://research.ijcaonline.org/volume53/number12/pxc3882396.pdf",
      note = "Accessed 21-05-13, URL: http://research.ijcaonline.org/volume53/number12/pxc3882396.pdf",
}


@article{OurDnsReport,
  title={Domain Name System},
  author={Bækgaard R., Kielsholm A., Hansen l., Sørensen M. L.},
  year={2013},
  month={04},
}