@article{Tanenbaum,
  title={Distributed Systems Principles and Paradigms},
  author={S. Tanenbaum, Andrew and Van Steen, Maarten},
  journal={Network},
  volume={4},
  pages={20},
  year={2004},
}

@book{Coulouris,
  title={Distributed systems - Concepts and Design},
  author={Coulouris, G; Dollimore, J; Kindberg, T; Blair, G},
  publicher={Pearson},
  year={2012},
}

@misc{DLRL-support,
      author = "RTI Community",
      title = "Does RTI DDS support DLRL?",
      month = "April",
      year = "2013",
      url = "http://community.rti.com/forum-topic/does-rti-dds-support-dlrl",
      note = "Accessed 19.04.13, URL: http://community.rti.com/forum-topic/does-rti-dds-support-dlrl",
}

@misc{wiki-IDL,
      author = "Wikipedia",
      title = "Interface description language",
      month = "March",
      year = "2013",
      url = "http://en.wikipedia.org/wiki/Interface_description_language",
      note = "Accessed 04.05.13, URL: http://en.wikipedia.org/wiki/Interface\_description\_language",
}

@misc{opendds,
      author = "OpenDDS",
      title = "Overview of DDS - DCPS",
      url = "http://www.opendds.org/dds_overview.html",
      note = "Accessed 04.05.13, URL: http://www.opendds.org/dds\_overview.html",
}



@article{DDS-slides,
  title={Fischer_ITONK-TIMICO_DDS_Slides},
  author={Pedersen, CF.},
  pages={107},
  year={2013},
}

@misc{wiki-hosts,
      author = "Wikipedia",
      title = "Hosts (file)",
      month = "April",
      year = "2013",
      url = "http://en.wikipedia.org/wiki/Hosts_(file)",
      note = "Accessed 19.04.13, URL: http://en.wikipedia.org/wiki/Hosts\_(file)",
}

@misc{wiki-DDS,
      author = "Wikipedia",
      title = "Data distribution service",
      month = "April",
      year = "2013",
      url = "http://en.wikipedia.org/wiki/Data_distribution_service",
      note = "Accessed 03.05.13, URL: http://en.wikipedia.org/wiki/Data\_distribution\_service)",
}

@misc{wiki-dns,
      author = "Wikipedia",
      title = "Domain Name System",
      month = "April",
      year = "2013",
      url = "http://en.wikipedia.org/wiki/Domain_Name_System",
      note = "Accessed 19.04.13, URL: http://en.wikipedia.org/wiki/Domain\_Name\_System",
}

@misc{wiki-fqdn,
      author = "Wikipedia",
      title = "Fully qualified domain name",
      month = "April",
      year = "2013",
      url = "http://en.wikipedia.org/wiki/Fully_qualified_domain_name",
      note = "Accessed 19.04.13, URL: http://en.wikipedia.org/wiki/Fully\_qualified\_domain\_name",
}

@article{DNS-article,
  title={Challenges in securing the domain name system},
  author={Chandramouli, Ramaswamy and Rose, Scott},
  journal={Security \& Privacy, IEEE},
  volume={4},
  number={1},
  pages={84--87},
  year={2006},
  publisher={IEEE}
}

@misc{GFW-avoid,
      author = "Jason P. Abbott",
      title = "The Political Economy of the Internet in Asia and the Pacific Digital Divides, Economic Competitiveness, and Security Challenges",
      year = "2004",
      url = "http://queue.acm.org/detail.cfm?id=2405036",
      note = "New York: Praeger",
}

@misc{GFW,
      author = "Daniel Anderson",
      title = "Splinternet Behind the Great Firewall of China",
      month = "November",
      year = "2012",
      url = "http://queue.acm.org/detail.cfm?id=2405036",
      note = "http://queue.acm.org/detail.cfm?id=2405036",
}

@misc{RTI,
      author = "Pardo-Castellote, G; Farabaugh, B; Warren, R",
      title = "An Introduction to DSS and Data-Centric Communications",
      month = "August",
      year = "2005",
      url = "http://www.omg.org/news/whitepapers/Intro\_To\_DDS.pdf",
      note = "Accessed 02-05-13, URL: http://www.omg.org/news/whitepapers/Intro\_To\_DDS.pdf",
}